% Lit review
@ARTICLE{theordre:1985,
	author = {Theodore B. Van Itallie, M.D.},
	title = {Health Implications of Overweight and Obesity in the United States},
	journal = {American College of PhysiciansAmerican College of Physicians},
	year = {1985}
}

@MISC{fitocracy:2007,
	author = {Fitocracy},
	year = {2007},
	title = {Fitocracy},
	url = {http://www.fitocracy.com},
	note = {<Accessed on : 5/11/2013>}
}

@MISC{jawbone:2011,
	author = {Jawbone},
	year = {2011},
	title = {Jawbone Up},
	url = {https://jawbone.com/up},
	note = {<Accessed on : 8/11/2013>}
}

@MISC{nikefuelband:2012,
	author = {Nike},
	year = {2012},
	title = {Nike+ Fuel Band},
	url = {http://www.nike.com/us},
	note = {<Accessed on : 5/11/2013>}
}

@MISC{fuelbandpress:2013,
	author = {Nike inc.},
	year = {2013},
	title = {Nike unviels Nike+ FuelBand SE and Nike+ FuelBand app},
	url = {http://nikeinc.com/nike-fuelband/news/nike-unveils-nike-fuelband-se-and-nike-fuelband-app},
	note = {<Accessed on : 10/11/2013>}
}
% /Litreview

% Design Chapter
@INBOOK{bertoni:2002,
	author = {Bertoni Franco},
	year = {2002},
	title = {Minimalist Architecture},
	publisher = {Birkhäuser},
	pages = {96-106}
}

@MISC{walkers:2013,
	author = {Walkers and Digital},
	title = {Walker Sands Mobile Traffic Report Q2 2013},
	year = {2013},
	url = {http://www.walkersandsdigital.com/Walker-Sands-Mobile-Traffic-Report-Q2-2013},
	note = {<Accessed on : 10/12/2013>}
}

@MISC{sketch:2013,
	author = {Bohemian Coding},
	title = {SketchApp},
	year = {2013},
	url = {www.bohemiancoding.com/sketch/},
	note = {<Accessed on : 10/12/2013>}
}

@MISC{colourBlind,
	author = {NHS},
	title = {Colour vision deficiency },
	year = {2012},
	url = {http://www.nhs.uk/conditions/Colour-vision-deficiency/Pages/Introduction.aspx},
	note = {<Accessed on : 10/12/2013>}
}

@MISC{rails:2013,
	author = {David Heinemeier Hansson},
	title = {Ruby on Rails},
	year = {2013},
	url = {www.rubyonrails.org},
	note = {<Accessed on : 21/01/2014>}
}
% /Design

% Development chapter
@MISC{sublimetext:2011,
	author = {Jon Skinner},
	title = {Sublime Text 2},
	year = {2011},
	url = {http://www.sublimetext.com},
	note = {<Accessed on : 16/02/2014>}
}

@MISC{vim:2013,
	author = {Bram Moolenaar},
	title = {Vim},
	year = {2013},
	url = {http://www.vim.org},
	note = {<Accessed on : 16/02/2014>}
}

@MISC{iterm:2011,
	author = {George Nachman},
	title = {iTerm 2},
	year = {2011},
	url = {http://www.iterm2.com},
	note = {<Accessed on : 16/02/2014>}
}

@MISC{zsh:2009,
	author = {Robby Russell},
	title = {Oh My Zsh},
	year = {2009},
	url = {https://github.com/robbyrussell/oh-my-zsh},
	note = {<Accessed on : 16/02/2014>}
}

@MISC{git:2014,
	author = {Linus Torvalds},
	title = {Git},
	year = {2014},
	url = {http://git-scm.com},
	note = {<Accessed on : 16/02/2014>}
}

@MISC{gitflow:2010,
	author = {Vincent Driessen},
	title = {A successful Git branching model},
	year = {2010},
	url = {http://nvie.com/posts/a-successful-git-branching-model/},
	note = {<Accessed on : 17/02/2014>}
}

@MISC{heroku:2007,
	author = {James Lindenbaum and Adam Wiggins and Orion Henry},
	title = {Heroku},
	year = {2007},
	url = {http://heroku.com},
	note = {<Accessed on : 17/02/2014>}
}

@MISC{grunt:2013,
	title = {Grunt.js},
	year = {2013},
	url = {http://gruntjs.com},
	note = {<Accessed on : 17/02/2014>}
}

@MISC{sass:2006,
	author = { Hampton Catlin and Nathan Weizenbaum and Chris Eppstein},
	title = {Sass},
	year = {2006},
	url = {http://sass-lang.com},
	note = {<Accessed on : 17/02/2014>}
}

@MISC{mysql:1995,
	author = {Oracle},
	title = {MySQL},
	year = {1995},
	url = {http://www.mysql.com},
	note = {<Accessed on : 17/02/2014>}
}

@MISC{postgres:1995,
	title = {PostgreSQL},
	year = {1995},
	url = {http://www.postgresql.org},
	note = {<Accessed on : 17/02/2014>}
}

@MISC{capistrano:2013,
	author = {Jamis Buck and Lee Hambley},
	title = {Capistrano},
	year = {2013},
	url = {http://www.capistranorb.com},
	note = {<Accessed on : 17/02/2014>}
}

@MISC{twitter:2006,
	author = {Jack Dorsey and Noah Glass and Evan Williams and Biz Stone},
	title = {Twitter},
	year = {2006},
	url = {http://twitter.com},
	note = {<Accessed on : 17/02/2014>}
}

@MISC{dash:2014,
	author = {Bogdan Popescu},
	title = {Dash},
	year = {2014},
	url = {http://kapeli.com/dash},
	note = {<Accessed on : 17/02/2014>}
}

@MISC{reddit:2005,
	author = {Alexis Ohanian},
	title = {Reddit},
	year = {2005},
	url = {http://reddit.com},
	note = {<Accessed on : 14/03/2014>}
}

@MISC{imageoptim:2014,
	author = {Icons8},
	title = {ImageOptim},
	year = {2014},
	url = {http://imageoptim.com},
	note = {<Accessed on : 24/03/2014>}
}

@MISC{cdt:2014,
	author = {Google},
	title = {Chrome Developer Tools},
	year = {2014},
	url = {https://developers.google.com/chrome-developer-tools/},
	note = {<Accessed on : 24/03/2014>}
}

@MISC{rubygems:2009,
	author = {Nick Quaranto},
	title = {RubyGems},
	year = {2009},
	url = {http://rubygems.org},
	note = {<Accessed on : 24/03/2014>}
}

@MISC{highcharts:2009,
	author = {HighsoftAS},
	title = {Highcharts.js},
	year = {2009},
	url = {http://www.highcharts.com},
	note = {<Accessed on : 24/03/2014>}
}

@MISC{lhc:2010,
	author = {Miguel Michelson Martinez},
	title = {LazyHighCharts Gem},
	year = {2010},
	url = {https://github.com/michelson/lazy\_high\_charts},
	note = {<Accessed on : 24/03/2014>}
}

@article{doi:10.1001,
author = {Flegal KM and Carroll MD and Kit BK and Ogden CL},
title = {PRevalence of obesity and trends in the distribution of body mass index among us adults, 1999-2010},
journal = {JAMA},
volume = {307},
number = {5},
pages = {491-497},
year = {2012},
doi = {10.1001/jama.2012.39},
URL = { + http://dx.doi.org/10.1001/jama.2012.39},
eprint = {/data/Journals/JAMA/22488/joc15165_491_497.pdf}
}

@MISC{nhs:2013,
	author = {NHS},
	title = {BBenefits of exercise},
	year = {2013},
	url = {http://www.nhs.uk/Livewell/fitness/Pages/Whybeactive.aspx},
	note = {<Accessed on : 26/03/2014>}
}

@BOOKLET{michael:2013,
	author = {Michael Hartl},
	title = {Ruby on Rails Tutorial. Learn Web Development with Rails},
	year = {2013}
}

@MISC{guides:2013,
	title = {RailsGuids},
	url = {http://guides.rubyonrails.org},
	note = {<Accessed on : 16/02/2014>}
}

@MISC{capybara:2013,
	title ={Capybara},
	url = {https://github.com/jnicklas/capybara},
	note = {<Accessed on : 16/02/2014},
	author = {Jonas Nicklas},
	year = {2013}
}

@MISC{factorygirl:2013,
	title ={Factory\_Girl},
	url = {https://github.com/thoughtbot/factory\_girl},
	note = {<Accessed on : 16/02/2014},
	year = {2013}
}